
@book{HarveyConditionPostmodernityEnquiry1991,
  title = {The {{Condition}} of {{Postmodernity}}: {{An Enquiry}} into the {{Origins}} of {{Cultural Change}}},
  shorttitle = {The {{Condition}} of {{Postmodernity}}},
  author = {Harvey, David},
  date = {1991-10},
  publisher = {{Wiley-Blackwell}},
  isbn = {0-631-16294-1},
  keywords = {Scan!},
  pagetotal = {392 (379) *}
}
% == BibLateX quality report for HarveyConditionPostmodernityEnquiry1991:
% ? Title looks like it was stored in title-case in Zotero

@online{HyndmanWhylogratios2020,
  title = {Why Log Ratios Are Useful for Tracking {{COVID}}-19 | {{Rob J Hyndman}}},
  author = {Hyndman},
  date = {2020-04-05},
  journaltitle = {Rob J. Hyndman},
  url = {https://robjhyndman.com/hyndsight/logratios-covid19/},
  urldate = {2020-04-07},
  file = {/Users/marsh/Zotero/storage/3LXC9QMH/logratios-covid19.html},
  note = {00000},
  type = {Personal}
}
% == BibLateX quality report for HyndmanWhylogratios2020:
% Unexpected field 'journaltitle'
% Unexpected field 'type'
% ? Possibly abbreviated journal title Rob J. Hyndman

@online{MichaelBibliographyknitrcite2019,
  title = {Bibliography with knitr : cite your references and packages},
  shorttitle = {Bibliography with knitr},
  author = {{Michael}},
  date = {2019-02-02},
  journaltitle = {R stuff so I remember it next time},
  url = {http://r.iresmi.net/2019/02/02/bibliography-with-knitr-cite-your-references-and-packages/},
  urldate = {2020-04-17},
  abstract = {It's a good practice to cite the R packages you use in your analysis. However it can be cumbersome to maintain the list of your package's references in Zotero while the packages used can change when you update your script. Here we use the automatic updates of Zotero to generate our main bibliography and we auto-generate the package bibliography and then merge them.},
  file = {/Users/marsh/Zotero/storage/E4SIAMRS/bibliography-with-knitr-cite-your-references-and-packages.html},
  langid = {french},
  note = {00000},
  type = {Technical}
}
% == BibLateX quality report for MichaelBibliographyknitrcite2019:
% Unexpected field 'journaltitle'
% Unexpected field 'type'

@book{MurrellIntroductionDataTechnologies2017,
  title = {Introduction to {{Data Technologies}}},
  author = {Murrell, Paul},
  date = {2017},
  publisher = {{Chapman and Hall/CRC}},
  url = {https://www.stat.auckland.ac.nz/~paul/ItDT/itdt-2019-03-06.pdf},
  file = {/Volumes/ZoteroLibrary/MurrellP/MurrellP 2017 - Introduction to Data Technologies (Book).pdf},
  keywords = {R},
  langid = {english}
}
% == BibLateX quality report for MurrellIntroductionDataTechnologies2017:
% ? Title looks like it was stored in title-case in Zotero

@report{UnitedNationsDepartmentofEconomicandSocialAffairsPopulationDivisionWorldPopulationProspects2019a,
  title = {World {{Population Prospects}} 2019: {{Methodology}} of the {{United Nations}} Population Estimates and Projections},
  author = {{United Nations Department of Economic and Social Affairs, Population Division}},
  date = {2019},
  pages = {61},
  url = {https://population.un.org/wpp/Publications/Files/WPP2019_Methodology.pdf},
  urldate = {2020-05-09},
  file = {/Users/marsh/Zotero/storage/6MRRKFW6/World Population Prospects 2019 Methodology of th.pdf},
  langid = {english},
  note = {00000},
  number = {(ST/ESA/SER.A/425)}
}
% == BibLateX quality report for UnitedNationsDepartmentofEconomicandSocialAffairsPopulationDivisionWorldPopulationProspects2019a:
% Missing required field 'type'
% Missing required field 'institution'

@online{UnitedNationsDepartmentofEconomicandSocialAffairsPopulationDivisionWorldPopulationProspects2019c,
  title = {World {{Population Prospects}} 2019},
  author = {{United Nations Department of Economic and Social Affairs, Population Division}},
  date = {2019},
  journaltitle = {United Nations Department of Economic and Social Affairs, Population Dynamics},
  url = {https://population.un.org/wpp/},
  urldate = {2020-05-10},
  file = {/Users/marsh/Zotero/storage/EVHXZ4FB/wpp.html},
  note = {00004},
  type = {Report}
}
% == BibLateX quality report for UnitedNationsDepartmentofEconomicandSocialAffairsPopulationDivisionWorldPopulationProspects2019c:
% Unexpected field 'journaltitle'
% Unexpected field 'type'
% ? Title looks like it was stored in title-case in Zotero

@software{WickhamreadrReadRectangular2018,
  title = {Readr: {{Read Rectangular Text Data}}},
  shorttitle = {Readr},
  author = {Wickham, Hadley and Hester, Jim and Francois, Romain and family=R), given=R. Core Team (Date, prefix=time code adapted from, useprefix=false and RStudio and {implementation)}, Jukka Jyl\"anki (grisu3 and {implementation)}, Mikkel J\o{}rgensen (grisu3},
  date = {2018-12-21},
  url = {https://CRAN.R-project.org/package=readr},
  urldate = {2020-04-20},
  abstract = {The goal of 'readr' is to provide a fast and friendly way to read rectangular data (like 'csv', 'tsv', and 'fwf'). It is designed to flexibly parse many types of data found in the wild, while still cleanly failing when data unexpectedly changes.},
  note = {00101},
  version = {1.3.1}
}
% == BibLateX quality report for WickhamreadrReadRectangular2018:
% Unexpected field 'title'
% Unexpected field 'author'
% Unexpected field 'note'
% Unexpected field 'version'


